<record><leader>00000cas a22000007a 4500</leader><controlfield tag="001">11447786</controlfield><controlfield tag="008">841203c19849999coumr ne      0   a0eng d</controlfield><datafield ind1=" " ind2=" " tag="010"><subfield code="a">sn 84001992 </subfield></datafield><datafield ind1=" " ind2=" " tag="040"><subfield code="a">NSD</subfield><subfield code="b">eng</subfield><subfield code="c">NSD</subfield><subfield code="d">CNQ</subfield><subfield code="d">OCLCQ</subfield><subfield code="d">OCLCO</subfield><subfield code="d">DLC</subfield></datafield><datafield ind1=" " ind2=" " tag="012"><subfield code="l">y</subfield><subfield code="m">1</subfield></datafield><datafield ind1="1" ind2=" " tag="022"><subfield code="a">8750-5045</subfield><subfield code="l">8750-5045</subfield><subfield code="y">8750-5054</subfield><subfield code="2">1</subfield></datafield><datafield ind1=" " ind2=" " tag="032"><subfield code="a">730830</subfield><subfield code="b">USPS</subfield></datafield><datafield ind1=" " ind2=" " tag="037"><subfield code="b">The Catholic Herald, 29 W. Kiowa St., Colorado Springs, CO 80903</subfield></datafield><datafield ind1=" " ind2=" " tag="042"><subfield code="a">msc</subfield><subfield code="a">nsdp</subfield></datafield><datafield ind1="0" ind2=" " tag="130"><subfield code="a">Catholic herald (Colorado Springs, Colo.)</subfield></datafield><datafield ind1=" " ind2="4" tag="222"><subfield code="a">The Catholic herald</subfield><subfield code="b">(Colorado Springs, Colo.)</subfield></datafield><datafield ind1="0" ind2="4" tag="245"><subfield code="a">The Catholic herald :</subfield><subfield code="b">the newspaper for the Diocese of Colorado Springs.</subfield></datafield><datafield ind1="1" ind2=" " tag="246"><subfield code="a">Colorado Catholic herald</subfield></datafield><datafield ind1=" " ind2=" " tag="260"><subfield code="a">Colorado Springs, Colo. :</subfield><subfield code="b">Diocese of Colorado Springs,</subfield></datafield><datafield ind1=" " ind2=" " tag="310"><subfield code="a">Monthly</subfield><subfield code="b">&lt;, Mar. 4, 1987-&gt;</subfield></datafield><datafield ind1=" " ind2=" " tag="321"><subfield code="a">Eighteen no. a year</subfield><subfield code="b">&lt;, Nov. 7, 1984-&gt;</subfield></datafield><datafield ind1="0" ind2=" " tag="362"><subfield code="a">Vol. 1, no. 1 (Sept. 5, 1984)-</subfield></datafield><datafield ind1=" " ind2=" " tag="588"><subfield code="a">Latest issue consulted: Vol. 36, no. 14 (Aug. 7, 2015) (Surrogate).</subfield></datafield><datafield ind1="2" ind2=" " tag="710"><subfield code="a">Catholic Church.</subfield><subfield code="b">Diocese of Colorado Springs (Colo.)</subfield></datafield><datafield ind1=" " ind2=" " tag="752"><subfield code="a">United States</subfield><subfield code="b">Colorado</subfield><subfield code="c">El Paso</subfield><subfield code="d">Colorado Springs.</subfield></datafield><datafield ind1=" " ind2=" " tag="936"><subfield code="a">Vol. 4, no. 4 (Mar. 4, 1987) LIC</subfield></datafield><datafield ind1="1" ind2=" " tag="029"><subfield code="a">AU@</subfield><subfield code="b">000025836165</subfield></datafield></record>